%YAML 1.1
%TAG !u! tag:unity3d.com,2011:
--- !u!1 &100000
GameObject:
  m_ObjectHideFlags: 0
  m_PrefabParentObject: {fileID: 0}
  m_PrefabInternal: {fileID: 100100000}
  serializedVersion: 4
  m_Component:
  - 4: {fileID: 400000}
  - 114: {fileID: 11400000}
  m_Layer: 15
  m_Name: Orbiter
  m_TagString: Untagged
  m_Icon: {fileID: 0}
  m_NavMeshLayer: 0
  m_StaticEditorFlags: 0
  m_IsActive: 1
--- !u!1 &100002
GameObject:
  m_ObjectHideFlags: 0
  m_PrefabParentObject: {fileID: 0}
  m_PrefabInternal: {fileID: 100100000}
  serializedVersion: 4
  m_Component:
  - 4: {fileID: 400002}
  - 50: {fileID: 5000000}
  - 114: {fileID: 11400006}
  - 114: {fileID: 11400004}
  - 114: {fileID: 11400002}
  m_Layer: 15
  m_Name: Starbase
  m_TagString: Untagged
  m_Icon: {fileID: 0}
  m_NavMeshLayer: 0
  m_StaticEditorFlags: 0
  m_IsActive: 1
--- !u!1 &100004
GameObject:
  m_ObjectHideFlags: 0
  m_PrefabParentObject: {fileID: 0}
  m_PrefabInternal: {fileID: 100100000}
  serializedVersion: 4
  m_Component:
  - 4: {fileID: 400004}
  - 212: {fileID: 21200000}
  - 60: {fileID: 6000000}
  m_Layer: 15
  m_Name: Sprite
  m_TagString: Untagged
  m_Icon: {fileID: 0}
  m_NavMeshLayer: 0
  m_StaticEditorFlags: 0
  m_IsActive: 1
--- !u!1 &100006
GameObject:
  m_ObjectHideFlags: 0
  m_PrefabParentObject: {fileID: 0}
  m_PrefabInternal: {fileID: 100100000}
  serializedVersion: 4
  m_Component:
  - 4: {fileID: 400006}
  - 58: {fileID: 5800000}
  m_Layer: 0
  m_Name: Tradezone
  m_TagString: Starbase
  m_Icon: {fileID: 0}
  m_NavMeshLayer: 0
  m_StaticEditorFlags: 0
  m_IsActive: 1
--- !u!4 &400000
Transform:
  m_ObjectHideFlags: 1
  m_PrefabParentObject: {fileID: 0}
  m_PrefabInternal: {fileID: 100100000}
  m_GameObject: {fileID: 100000}
  m_LocalRotation: {x: 0, y: 0, z: 0, w: 1}
  m_LocalPosition: {x: 0, y: 0, z: 0}
  m_LocalScale: {x: 1, y: 1, z: 1}
  m_Children: []
  m_Father: {fileID: 400002}
--- !u!4 &400002
Transform:
  m_ObjectHideFlags: 1
  m_PrefabParentObject: {fileID: 0}
  m_PrefabInternal: {fileID: 100100000}
  m_GameObject: {fileID: 100002}
  m_LocalRotation: {x: 0, y: 0, z: 0, w: 1}
  m_LocalPosition: {x: 2147.99951, y: 2087.73584, z: 0}
  m_LocalScale: {x: 1, y: 1, z: 1}
  m_Children:
  - {fileID: 400000}
  - {fileID: 400004}
  - {fileID: 400006}
  m_Father: {fileID: 0}
--- !u!4 &400004
Transform:
  m_ObjectHideFlags: 1
  m_PrefabParentObject: {fileID: 0}
  m_PrefabInternal: {fileID: 100100000}
  m_GameObject: {fileID: 100004}
  m_LocalRotation: {x: 0, y: 0, z: 0, w: 1}
  m_LocalPosition: {x: 0, y: 0, z: 0}
  m_LocalScale: {x: 1, y: 1, z: 1}
  m_Children: []
  m_Father: {fileID: 400002}
--- !u!4 &400006
Transform:
  m_ObjectHideFlags: 1
  m_PrefabParentObject: {fileID: 0}
  m_PrefabInternal: {fileID: 100100000}
  m_GameObject: {fileID: 100006}
  m_LocalRotation: {x: 0, y: 0, z: 0, w: 1}
  m_LocalPosition: {x: 0, y: 0, z: 0}
  m_LocalScale: {x: 1, y: 1, z: 1}
  m_Children: []
  m_Father: {fileID: 400002}
--- !u!50 &5000000
Rigidbody2D:
  m_ObjectHideFlags: 1
  m_PrefabParentObject: {fileID: 0}
  m_PrefabInternal: {fileID: 100100000}
  m_GameObject: {fileID: 100002}
  m_Mass: 1000
  m_LinearDrag: 0
  m_AngularDrag: .0500000007
  m_GravityScale: 1
  m_FixedAngle: 0
  m_IsKinematic: 1
  m_Interpolate: 0
  m_SleepingMode: 1
  m_CollisionDetection: 0
--- !u!58 &5800000
CircleCollider2D:
  m_ObjectHideFlags: 1
  m_PrefabParentObject: {fileID: 0}
  m_PrefabInternal: {fileID: 100100000}
  m_GameObject: {fileID: 100006}
  m_Enabled: 1
  m_Material: {fileID: 0}
  m_IsTrigger: 1
  m_Radius: 50
  m_Center: {x: 0, y: 0}
--- !u!60 &6000000
PolygonCollider2D:
  m_ObjectHideFlags: 1
  m_PrefabParentObject: {fileID: 0}
  m_PrefabInternal: {fileID: 100100000}
  m_GameObject: {fileID: 100004}
  m_Enabled: 1
  m_Material: {fileID: 0}
  m_IsTrigger: 0
  m_Poly:
    m_Paths:
    - - {x: .219999999, y: -9.92000008}
      - {x: .379999995, y: -9.35999966}
      - {x: .379999995, y: -9.27999973}
      - {x: .219999999, y: -9.27999973}
      - {x: .539999962, y: -8.88000011}
      - {x: .539999962, y: -8.80000019}
      - {x: .219999999, y: -8.80000019}
      - {x: .459999979, y: -8.39999962}
      - {x: .459999979, y: -8.31999969}
      - {x: .219999999, y: -8.31999969}
      - {x: .299999982, y: -7.44000006}
      - {x: .299999982, y: -7.35999966}
      - {x: .219999999, y: -7.35999966}
      - {x: .219999999, y: -7.19999981}
      - {x: .459999979, y: -7.19999981}
      - {x: .459999979, y: -7.11999989}
      - {x: .239999995, y: -7.01999998}
      - {x: .399999976, y: -6.92000008}
      - {x: .479999989, y: -6.44000006}
      - {x: .519999981, y: -6.23999977}
      - {x: .659999967, y: -5.53999996}
      - {x: .699999988, y: -5.35999966}
      - {x: .74000001, y: -5.15999985}
      - {x: .899999976, y: -4.36000013}
      - {x: .959999979, y: -4.19999981}
      - {x: 1.07999992, y: -3.48000002}
      - {x: 1.10000002, y: -3.29999995}
      - {x: 1.38, y: -3.0999999}
      - {x: 1.67999995, y: -2.87999988}
      - {x: 2.20000005, y: -2.5}
      - {x: 2.55999994, y: -2.22000003}
      - {x: 2.81999993, y: -2.05999994}
      - {x: 3.33999991, y: -1.88}
      - {x: 3.61999989, y: -1.77999997}
      - {x: 3.81999993, y: -1.69999993}
      - {x: 4.07999992, y: -1.57999992}
      - {x: 4.33999968, y: -1.41999996}
      - {x: 4.48000002, y: -1.24000001}
      - {x: 4.53999996, y: -1.10000002}
      - {x: 4.53999996, y: -.879999995}
      - {x: 4.46000004, y: -.699999988}
      - {x: 4.25999975, y: -.519999981}
      - {x: 4.0999999, y: -.399999976}
      - {x: 3.83999991, y: -.280000001}
      - {x: 3.69999981, y: -.219999999}
      - {x: 3.53999996, y: -.159999996}
      - {x: 3.48000002, y: -.140000001}
      - {x: 2.8599999, y: .099999994}
      - {x: 2.57999992, y: .179999992}
      - {x: 2.44000006, y: .25999999}
      - {x: 2.24000001, y: .419999987}
      - {x: 1.86000001, y: .719999969}
      - {x: 1.65999997, y: .879999995}
      - {x: 1.39999998, y: 1.07999992}
      - {x: 1.43999994, y: 1.17999995}
      - {x: 1.77999997, y: 2.20000005}
      - {x: 2.18000007, y: 3.43999982}
      - {x: 2.24000001, y: 3.65999985}
      - {x: 2.29999995, y: 3.69999981}
      - {x: 2.51999998, y: 3.74000001}
      - {x: 3.05999994, y: 3.8599999}
      - {x: 3.51999998, y: 3.9599998}
      - {x: 4, y: 4.13999987}
      - {x: 4.38000011, y: 4.29999971}
      - {x: 4.79999971, y: 4.5}
      - {x: 5.13999987, y: 4.71999979}
      - {x: 5.31999969, y: 4.85999966}
      - {x: 5.5999999, y: 5.17999983}
      - {x: 6, y: 5.63999987}
      - {x: 6.29999971, y: 5.98000002}
      - {x: 6.42000008, y: 6.19999981}
      - {x: 6.42000008, y: 6.27999973}
      - {x: 6.42000008, y: 6.51999998}
      - {x: 6.39999962, y: 6.61999989}
      - {x: 6.27999973, y: 6.81999969}
      - {x: 6.05999994, y: 7.01999998}
      - {x: 5.83999968, y: 7.17999983}
      - {x: 5.03999996, y: 7.77999973}
      - {x: 4.5999999, y: 8.09999943}
      - {x: 4.46000004, y: 8.19999981}
      - {x: 4.05999994, y: 8.38000011}
      - {x: 3.79999995, y: 8.5}
      - {x: 3.37999988, y: 8.59999943}
      - {x: 2.93999982, y: 8.69999981}
      - {x: 2.3599999, y: 8.80000019}
      - {x: 2.07999992, y: 8.84000015}
      - {x: 1.75999999, y: 8.85999966}
      - {x: 1.57999992, y: 8.97999954}
      - {x: 1.24000001, y: 9.13999939}
      - {x: 1, y: 9.23999977}
      - {x: .879999995, y: 9.27999973}
      - {x: .459999979, y: 9.39999962}
      - {x: .119999997, y: 9.46000004}
      - {x: -.0799999982, y: 9.47999954}
      - {x: -.0799999982, y: 9.47999954}
      - {x: -.599999964, y: 9.47999954}
      - {x: -.899999976, y: 9.43999958}
      - {x: -1.12, y: 9.39999962}
      - {x: -1.36000001, y: 9.34000015}
      - {x: -1.63999999, y: 9.23999977}
      - {x: -2.11999989, y: 9.0199995}
      - {x: -2.31999993, y: 8.88000011}
      - {x: -2.55999994, y: 8.85999966}
      - {x: -2.8599999, y: 8.81999969}
      - {x: -3.11999989, y: 8.77999973}
      - {x: -3.57999992, y: 8.69999981}
      - {x: -3.75999999, y: 8.65999985}
      - {x: -4.01999998, y: 8.59999943}
      - {x: -4.44000006, y: 8.5}
      - {x: -4.79999971, y: 8.34000015}
      - {x: -5.0999999, y: 8.19999981}
      - {x: -5.25999975, y: 8.09999943}
      - {x: -5.42000008, y: 7.98000002}
      - {x: -6.31999969, y: 7.27999973}
      - {x: -6.5999999, y: 7.0999999}
      - {x: -6.92000008, y: 6.81999969}
      - {x: -7.03999996, y: 6.5999999}
      - {x: -7.05999994, y: 6.53999996}
      - {x: -7.05999994, y: 6.29999971}
      - {x: -7.03999996, y: 6.19999981}
      - {x: -6.94000006, y: 5.98000002}
      - {x: -6.83999968, y: 5.87999964}
      - {x: -6.53999996, y: 5.51999998}
      - {x: -6.33999968, y: 5.27999973}
      - {x: -6.13999987, y: 5.03999996}
      - {x: -5.85999966, y: 4.75999975}
      - {x: -5.53999996, y: 4.55999994}
      - {x: -5.01999998, y: 4.29999971}
      - {x: -4.55999994, y: 4.11999989}
      - {x: -4.13999987, y: 3.98000002}
      - {x: -3.69999981, y: 3.8599999}
      - {x: -3.15999985, y: 3.74000001}
      - {x: -2.89999986, y: 3.67999983}
      - {x: -2.8599999, y: 3.53999996}
      - {x: -2.74000001, y: 3.15999985}
      - {x: -2.46000004, y: 2.33999991}
      - {x: -2.39999986, y: 2.05999994}
      - {x: -2.03999996, y: 1.07999992}
      - {x: -2.57999992, y: .659999967}
      - {x: -2.87999988, y: .419999987}
      - {x: -3.13999987, y: .199999988}
      - {x: -3.65999985, y: .0199999996}
      - {x: -4.17999983, y: -.159999996}
      - {x: -4.48000002, y: -.280000001}
      - {x: -4.73999977, y: -.399999976}
      - {x: -4.92000008, y: -.519999981}
      - {x: -5.0999999, y: -.699999988}
      - {x: -5.17999983, y: -.879999995}
      - {x: -5.17999983, y: -1.10000002}
      - {x: -5.11999989, y: -1.24000001}
      - {x: -4.88000011, y: -1.5}
      - {x: -4.71999979, y: -1.57999992}
      - {x: -4.46000004, y: -1.69999993}
      - {x: -3.98000002, y: -1.88}
      - {x: -3.72000003, y: -1.95999992}
      - {x: -3.5999999, y: -2.03999996}
      - {x: -3.3599999, y: -2.0999999}
      - {x: -3.13999987, y: -2.27999997}
      - {x: -2.61999989, y: -2.65999985}
      - {x: -2.01999998, y: -3.0999999}
      - {x: -1.75999999, y: -3.27999997}
      - {x: -1.71999991, y: -3.5}
      - {x: -1.67999995, y: -3.69999981}
      - {x: -1.5999999, y: -4.07999992}
      - {x: -1.53999996, y: -4.48000002}
      - {x: -1.39999998, y: -5.05999994}
      - {x: -1.33999991, y: -5.38000011}
      - {x: -1.29999995, y: -5.55999994}
      - {x: -1.13999999, y: -6.33999968}
      - {x: -1.01999998, y: -6.92000008}
      - {x: -.939999998, y: -7}
      - {x: -.819999993, y: -7.03999996}
      - {x: -1.22000003, y: -7.03999996}
      - {x: -1.22000003, y: -7.11999989}
      - {x: -1.13999999, y: -7.19999981}
      - {x: -1.05999994, y: -7.19999981}
      - {x: -1.05999994, y: -7.11999989}
      - {x: -.819999993, y: -7.19999981}
      - {x: -1.05999994, y: -7.19999981}
      - {x: -1.05999994, y: -7.27999973}
      - {x: -.819999993, y: -7.27999973}
      - {x: -.979999959, y: -7.5999999}
      - {x: -.979999959, y: -7.67999983}
      - {x: -.819999993, y: -7.67999983}
      - {x: -.819999993, y: -7.83999968}
      - {x: -1.13999999, y: -7.83999968}
      - {x: -1.13999999, y: -7.9199996}
      - {x: -.819999993, y: -7.9199996}
      - {x: -.979999959, y: -8.31999969}
      - {x: -.979999959, y: -8.39999962}
      - {x: -.819999993, y: -8.39999962}
      - {x: -.979999959, y: -8.63999939}
      - {x: -.979999959, y: -8.72000027}
      - {x: -.819999993, y: -8.72000027}
      - {x: -.819999993, y: -8.96000004}
      - {x: -1.13999999, y: -8.96000004}
      - {x: -1.13999999, y: -9.03999996}
      - {x: -.819999993, y: -9.19999981}
      - {x: -.74000001, y: -9.19999981}
      - {x: -.74000001, y: -8.88000011}
      - {x: -.419999987, y: -8.88000011}
      - {x: -.419999987, y: -8.80000019}
      - {x: -.74000001, y: -8.80000019}
      - {x: -.74000001, y: -8.63999939}
      - {x: -.659999967, y: -8.72000027}
      - {x: -.579999983, y: -8.72000027}
      - {x: -.5, y: -8.63999939}
      - {x: -.5, y: -8.55999947}
      - {x: -.74000001, y: -8.47999954}
      - {x: -.659999967, y: -8.47999954}
      - {x: -.659999967, y: -8.39999962}
      - {x: -.74000001, y: -8.39999962}
      - {x: -.74000001, y: -8.23999977}
      - {x: -.5, y: -8.23999977}
      - {x: -.5, y: -8.15999985}
      - {x: -.74000001, y: -8.15999985}
      - {x: -.74000001, y: -7.75999975}
      - {x: -.5, y: -7.75999975}
      - {x: -.5, y: -7.67999983}
      - {x: -.74000001, y: -7.51999998}
      - {x: -.659999967, y: -7.51999998}
      - {x: -.659999967, y: -7.44000006}
      - {x: -.74000001, y: -7.44000006}
      - {x: -.579999983, y: -7.19999981}
      - {x: -.579999983, y: -7.11999989}
      - {x: -.74000001, y: -7.11999989}
      - {x: -.699999988, y: -7.07999992}
      - {x: -.5, y: -7.0999999}
      - {x: -.579999983, y: -7.44000006}
      - {x: -.579999983, y: -7.51999998}
      - {x: -.5, y: -7.51999998}
      - {x: -.5, y: -7.83999968}
      - {x: -.659999967, y: -7.83999968}
      - {x: -.659999967, y: -7.9199996}
      - {x: -.5, y: -7.9199996}
      - {x: -.5, y: -8.23999977}
      - {x: -.419999987, y: -8.23999977}
      - {x: -.419999987, y: -8.15999985}
      - {x: -.25999999, y: -8.15999985}
      - {x: -.25999999, y: -8.07999992}
      - {x: -.419999987, y: -8.07999992}
      - {x: -.419999987, y: -7.0999999}
      - {x: -.25999999, y: -7.11999989}
      - {x: -.25999999, y: -7.19999981}
      - {x: -.179999992, y: -7.27999973}
      - {x: -.340000004, y: -7.27999973}
      - {x: -.340000004, y: -7.35999966}
      - {x: -.179999992, y: -7.35999966}
      - {x: -.179999992, y: -7.5999999}
      - {x: -.099999994, y: -7.5999999}
      - {x: -.0199999996, y: -7.51999998}
      - {x: -.0199999996, y: -7.44000006}
      - {x: -.099999994, y: -7.44000006}
      - {x: .140000001, y: -7.05999994}
      - {x: .140000001, y: -7.44000006}
      - {x: .0599999987, y: -7.44000006}
      - {x: .0599999987, y: -7.51999998}
      - {x: .140000001, y: -7.51999998}
      - {x: .140000001, y: -9.43999958}
      - {x: -.0199999996, y: -9.43999958}
      - {x: -.0199999996, y: -9.5199995}
      - {x: .140000001, y: -9.5199995}
      - {x: .140000001, y: -10.1599998}
      - {x: .219999999, y: -10.1599998}
      - {x: .219999999, y: -10}
      - {x: .539999962, y: -10}
      - {x: .539999962, y: -9.92000008}
--- !u!114 &11400000
MonoBehaviour:
  m_ObjectHideFlags: 1
  m_PrefabParentObject: {fileID: 0}
  m_PrefabInternal: {fileID: 100100000}
  m_GameObject: {fileID: 100000}
  m_Enabled: 1
  m_EditorHideFlags: 0
  m_Script: {fileID: 11500000, guid: 27953ef2cbfd8474f85c55d761e4d8cf, type: 3}
  m_Name: 
  m_EditorClassIdentifier: 
  orbitSpeed: 5
  randomDirection: 0
  orbitRadiusCorrectionSpeed: .100000001
  onOrbit: 1
  neverBreakOrbit: 1
  targetTag: Orbit
--- !u!114 &11400002
MonoBehaviour:
  m_ObjectHideFlags: 1
  m_PrefabParentObject: {fileID: 0}
  m_PrefabInternal: {fileID: 100100000}
  m_GameObject: {fileID: 100002}
  m_Enabled: 1
  m_EditorHideFlags: 0
  m_Script: {fileID: 11500000, guid: 2d73100333cdc0544afb63b3944dc66c, type: 3}
  m_Name: 
  m_EditorClassIdentifier: 
  damage:
    type: 0
    value: 1
    penetration: 0
    effectVector: {x: 0, y: 0}
--- !u!114 &11400004
MonoBehaviour:
  m_ObjectHideFlags: 1
  m_PrefabParentObject: {fileID: 0}
  m_PrefabInternal: {fileID: 100100000}
  m_GameObject: {fileID: 100002}
  m_Enabled: 1
  m_EditorHideFlags: 0
  m_Script: {fileID: 11500000, guid: 3cd738ee0ed9e20458bd35f707f1a48e, type: 3}
  m_Name: 
  m_EditorClassIdentifier: 
  armorList:
  - type: 0
    rating: 1000
    effectiveness: 50
    reflection: 0
  - type: 1
    rating: 1000
    effectiveness: 50
    reflection: 0
  - type: 2
    rating: 1000
    effectiveness: 50
    reflection: 0
  - type: 3
    rating: 1000
    effectiveness: 50
    reflection: 0
  - type: 4
    rating: 1000
    effectiveness: 50
    reflection: 0
  - type: 5
    rating: 1000
    effectiveness: 50
    reflection: 0
  dieSound: {fileID: 0}
  death: {fileID: 19800004, guid: 9ac33ad0354aaf24492bffeec6005c40, type: 2}
  deathDuration: 5
  dieWithMe: []
  destructible: 1
  health: 20000
  healthMax: 0
  showDmg: 0
  damageTextDuration: 2
  deathclock: 1
  finalDeathclock: 2
  collected: 0
--- !u!114 &11400006
MonoBehaviour:
  m_ObjectHideFlags: 1
  m_PrefabParentObject: {fileID: 0}
  m_PrefabInternal: {fileID: 100100000}
  m_GameObject: {fileID: 100002}
  m_Enabled: 1
  m_EditorHideFlags: 0
  m_Script: {fileID: 11500000, guid: 252e571de1c75944c9fa441364978d2d, type: 3}
  m_Name: 
  m_EditorClassIdentifier: 
  totalFrames: 5
  velocityNow: {x: 0, y: 0}
  fauxVelocityNow: {x: 0, y: 0}
--- !u!212 &21200000
SpriteRenderer:
  m_ObjectHideFlags: 1
  m_PrefabParentObject: {fileID: 0}
  m_PrefabInternal: {fileID: 100100000}
  m_GameObject: {fileID: 100004}
  m_Enabled: 1
  m_CastShadows: 0
  m_ReceiveShadows: 0
  m_LightmapIndex: 255
  m_LightmapTilingOffset: {x: 1, y: 1, z: 0, w: 0}
  m_Materials:
  - {fileID: 10754, guid: 0000000000000000e000000000000000, type: 0}
  m_SubsetIndices: 
  m_StaticBatchRoot: {fileID: 0}
  m_UseLightProbes: 0
  m_LightProbeAnchor: {fileID: 0}
  m_ScaleInLightmap: 1
  m_SortingLayer: 0
  m_SortingOrder: 0
  m_SortingLayerID: 0
  m_Sprite: {fileID: 21300000, guid: f95180fa2256236449ba0daaea5341c1, type: 3}
  m_Color: {r: 1, g: 1, b: 1, a: 1}
--- !u!1001 &100100000
Prefab:
  m_ObjectHideFlags: 1
  serializedVersion: 2
  m_Modification:
    m_TransformParent: {fileID: 0}
    m_Modifications: []
    m_RemovedComponents: []
  m_ParentPrefab: {fileID: 0}
  m_RootGameObject: {fileID: 100002}
  m_IsPrefabParent: 1
  m_IsExploded: 1
